@inproceedings{jennings2013touch,
  title={Touch Screen Devices and the Effectiveness of User Interface Methods},
  author={Jennings, Anthony and Ryser, Spencer and Drews, Frank},
  booktitle={Proceedings of the Human Factors and Ergonomics Society Annual Meeting},
  volume={57},
  number={1},
  pages={1648--1652},
  year={2013},
  organization={SAGE Publications},
  Annote={Report examining how different methods for completing tasks on touch screens with different sizes. Scrolling and zooming with different methods are tested and evaluated with errors of action and time as parameters. The report provides some design guidelines at the end.}
}

@article{wu2003improving,
  title={Improving searching and reading performance: the effect of highlighting and text color coding},
  author={Wu, Jen-Her and Yuan, Yufei},
  journal={Information \& Management},
  volume={40},
  number={7},
  pages={617--637},
  year={2003},
  publisher={Elsevier},
  Annote = {This paper investigates how colors and highlights affects read performance. They tried different color combinations, various luminosity in background and foreground and hue combinations. With highlighting they tried colors, reverse video and blinking. Based on the findings in their paper they propose some design guidelines.}
}

@inproceedings{gong2004guidelines,
  title={Guidelines for handheld mobile device interface design},
  author={Gong, Jun and Tarasewich, Peter},
  booktitle={Proceedings of DSI 2004 Annual Meeting},
  pages={3751--3756},
  year={2004},
  organization={Citeseer},
  Annote={Good paper containing proposed design guidelines for mobile devices. It discuss limitations with mobile devices compared to desktop environments that has been around for a much longer time.}
}

@article{jorgensen1999software,
  title={Software quality measurement},
  author={J{\o}rgensen, Magne},
  journal={Advances in engineering software},
  volume={30},
  number={12},
  pages={907--912},
  year={1999},
  publisher={Elsevier},
  Annote={An article that examines possible ways of measure software quality. A lot of theories on software quality measure.}
}

@book{norman2013design,
  title={The design of everyday things: Revised and expanded edition},
  author={Norman, Donald A},
  year={2013},
  publisher={Basic books},
  Annote={An old classic. A lot of useful tips and guidelines on how design works in everyday things. Will be used when the guidelines will be formed.}
}

@book{hoober2011designing,
  title={Designing mobile interfaces},
  author={Hoober, Steven and Berkman, Eric},
  year={2011},
  publisher={" O'Reilly Media, Inc."},
  Annote = {Book that gives a deeper look into designing mobile interfaces. A lot of inspiration and good work practices with things to do and not to do. Also general guidelines for designing mobile interfaces are presented.}
}

@article{mckeefry2003simple,
  title={Simple reaction times in color space: the influence of chromaticity, contrast, and cone opponency},
  author={McKeefry, Declan J and Parry, Neil RA and Murray, Ian J},
  journal={Investigative Ophthalmology \& Visual Science},
  volume={44},
  number={5},
  pages={2267--2276},
  year={2003},
  publisher={The Association for Research in Vision and Ophthalmology}
}

@book{marcus2013design,
  title={Design, User Experience, and Usability: Health, Learning, Playing, Cultural, and Cross-cultural User Experience: Second International Conference, DUXU 2013, Held as Part of HCI International 2013, Las Vegas, NV, USA, July 21-26, 2013, Proceedings},
  author={Marcus, Aaron},
  volume={8013},
  year={2013},
  publisher={Springer}
}

@book{johnson2013designing,
  title={Designing with the Mind in Mind: Simple Guide to Understanding User Interface Design Guidelines},
  author={Johnson, Jeff},
  year={2013},
  publisher={Elsevier}
}